@article{cvach2012monitor,
  title={Monitor alarm fatigue: an integrative review},
  author={Cvach, Maria},
  journal={Biomedical instrumentation \& technology},
  volume={46},
  number={4},
  pages={268--277},
  year={2012}
}

@article{johnson2017alarm,
  title={Alarm safety and alarm fatigue},
  author={Johnson, Kendall R and Hagadorn, James I and Sink, David W},
  journal={Clinics in Perinatology},
  volume={44},
  number={3},
  pages={713--728},
  year={2017},
  publisher={Elsevier}
}

@article{sendelbach2013alarm,
  title={Alarm fatigue: a patient safety concern},
  author={Sendelbach, Sue and Funk, Marjorie},
  journal={AACN advanced critical care},
  volume={24},
  number={4},
  pages={378--386},
  year={2013},
  publisher={AACN}
}

@article{dee2022determining,
  title={Determining the impact of an alarm management program on alarm fatigue among ICU and Telemetry RNs: An evidence based research project},
  author={Dee, Stacie A and Tucciarone, Jessica and Plotkin, Gary and Mallilo, Christina},
  journal={SAGE Open Nursing},
  volume={8},
  pages={23779608221098713},
  year={2022},
  publisher={SAGE Publications Sage CA: Los Angeles, CA}
}

@article{welch2011evidence,
  title={An evidence-based approach to reduce nuisance alarms and alarm fatigue},
  author={Welch, James},
  journal={Biomedical Instrumentation \& Technology},
  volume={45},
  number={s1},
  pages={46--52},
  year={2011}
}

@article{srinivasa2017evidence,
  title={An Evidence-Based Approach to Reducing Cardiac Telemetry Alarm Fatigue},
  author={Srinivasa, Ekta and Mankoo, Jaspreet and Kerr, Charles},
  journal={Worldviews on Evidence-Based Nursing},
  volume={14},
  number={4},
  pages={265--273},
  year={2017},
  publisher={Wiley Online Library}
}

@article{lewis2019research,
  title={Research outcomes of implementing CEASE: an innovative, nurse-driven, evidence-based, patient-customized monitoring bundle to decrease alarm fatigue in the intensive care unit/step-down unit},
  author={Lewis, Carmencita Lorenzo and Oster, Cynthia A},
  journal={Dimensions of Critical Care Nursing},
  volume={38},
  number={3},
  pages={160--173},
  year={2019},
  publisher={LWW}
}

@article{gorisek2021evidence,
  title={An evidence-based initiative to reduce alarm fatigue in a burn intensive care unit},
  author={Gorisek, Rayna and Mayer, Celeste and Hicks, W Braxton and Barnes, Janey},
  journal={Critical Care Nurse},
  volume={41},
  number={4},
  pages={29--37},
  year={2021},
  publisher={AACN}
}

@article{west2014alarm,
  title={Alarm fatigue: A concept analysis},
  author={West, Patricia and Abbott, Patricia},
  journal={On-Line Journal of Nursing Informatics},
  volume={18},
  number={2},
  year={2014},
  publisher={Healthcare Information and Management Systems Society (HIMSS)}
}
