@book{beyer2016site,
	title={Site Reliability Engineering: How Google Runs Production Systems},
	author={Beyer, B. and Jones, C. and Petoff, J. and Murphy, N.R.},
	isbn={9781491951187},
	url={https://books.google.com.au/books?id=\_4rPCwAAQBAJ},
	year={2016},
	publisher={O'Reilly Media}
}
@article{zhen2021impact,
	title={Impact of organizational inertia on organizational agility: the role of IT ambidexterity},
	author={Zhen, Jie and Cao, Cejun and Qiu, Hanguang and Xie, Zongxiao},
	journal={Information Technology and Management},
	volume={22},
	number={1},
	pages={53--65},
	year={2021},
	publisher={Springer}
}
@article{haag2014organizational,
	title={Organizational inertia as barrier to firms’ IT adoption--multidimensional scale development and validation},
	author={Haag, Steffi},
	year={2014}
}
@phdthesis{nedzinskas2014dynamic,
	title={Dynamic capabilities and organizational inertia interaction in volatile environment},
	author={Nedzinskas, {\v{S}}ar{\=u}nas and Bar{\v{s}}auskas, Petras and Pundzien{\.e}, Asta},
	year={2014},
	school={ISM University of Management and Economics}
}
@article{jui2020study,
	title={The Study of Organizational Inertia, Business Model Innovation and Organizational Performance in Taiwan Financial Institutions: Organizational Learning Perspective},
	author={Jui-Chan, Huang and Lu, Chunwei and Hao-Ming, Wen and Ching-Tang, Hsieh and Hui-Wen, Wang},
	journal={Revista Argentina de Cl{\'\i}nica Psicol{\'o}gica},
	volume={29},
	number={5},
	pages={104},
	year={2020},
	publisher={FUNDACI{\'O}N AIGL{\'E}}
}
@article{qian2014chapter,
	title={CHAPTER THIRTEEN THE ROLES OF STRATEGICALLIANCES IN DYNAMIC ENVIRONMENTS: AN ORGANIZATIONAL INERTIA PERSPECTIVE},
	author={QIAN, GONGMING and LI, LEE},
	journal={New Directions in Management and Organization Theory},
	pages={315},
	year={2014},
	publisher={Cambridge Scholars Publishing}
}
@article{wei2011bottom,
	title={Bottom-up learning, organizational formalization, and ambidextrous innovation},
	author={Wei, Zelong and Yi, Yaqun and Yuan, Changhong},
	journal={Journal of Organizational Change Management},
	year={2011},
	publisher={Emerald Group Publishing Limited}
}
@article{airikkala2021dynamic,
	title={Dynamic capabilities and organizational inertia during digital transformation},
	author={Airikkala, Aleksi},
	year={2021}
}
@article{liang2017unraveling,
	title={Unraveling the alignment paradox: how does business—IT alignment shape organizational agility?},
	author={Liang, Huigang and Wang, Nianxin and Xue, Yajiong and Ge, Shilun},
	journal={Information Systems Research},
	volume={28},
	number={4},
	pages={863--879},
	year={2017},
	publisher={INFORMS}
}
@article{zhou2010technological,
	title={Technological capability, strategic flexibility, and product innovation},
	author={Zhou, Kevin Zheng and Wu, Fang},
	journal={Strategic Management Journal},
	volume={31},
	number={5},
	pages={547--561},
	year={2010},
	publisher={Wiley Online Library}
}
@article{liu2013review,
	title={A Review Of Organizational Ecology Environment Selection Mechanism Research},
	author={Liu, Runtian Jing Dandan},
	journal={Nanjing Business Review},
	year={2013}
}
@inproceedings{kelly1989test,
	title={A test of organizational inertia theory},
	author={Kelly, Dawn and Amburgey, Terry L},
	booktitle={annual meeting of the Academy of Management, Washington, DC},
	year={1989}
}
@article{yusof2020exploring,
	title={Exploring the Elements of Organizational Inertia and Impacts on Organization.},
	author={Yusof, Muhammad Suhaimi Mohd and Romle, Abd Rahim},
	journal={International Journal of Psychosocial Rehabilitation},
	volume={24},
	number={2},
	year={2020}
}
@phdthesis{mezzour2010three,
	title={Three essays on internationalization and firm entrepreneurial behavior},
	author={Mezzour, Samyr},
	year={2010},
	school={Universit{\'e} de Lausanne, Facult{\'e} des hautes {\'e}tudes commerciales}
}
@inproceedings{huang2021does,
	title={When does servitization promote product innovation?},
	author={Huang, Wengao and Jia, Qining and Sun, Lulu and Wei, Zelong},
	booktitle={Academy of Management Proceedings},
	volume={2021},
	number={1},
	pages={11368},
	year={2021},
	organization={Academy of Management Briarcliff Manor, NY 10510}
}
@article{cheng2013breakthrough,
	title={Breakthrough innovation: the roles of dynamic innovation capabilities and open innovation activities},
	author={Cheng, Colin CJ and Chen, Ja-Shen},
	journal={Journal of Business \& Industrial Marketing},
	year={2013},
	publisher={Emerald Group Publishing Limited}
}
@article{guiwen2019incumbent,
	title={Incumbent Enterprises' Resource and Business Model Innovation in the Context of Technological Change: The Mediating Role of Binary Dynamic Capabilities},
	author={Guiwen, Liu and Kaijian, Li and Yingzhen, Zhang and Pan, Guo},
	journal={Management Review},
	volume={31},
	number={7},
	pages={252},
	year={2019}
}
@article{yi2018relationship,
	title={Relationship between Slack Resources and New Product Development Performance under the Internet Environment},
	author={YI, Yaqun and LIU, Yi and GU, Meng},
	journal={Journal of Xi'an Jiaotong University (Social Sciences)},
	pages={03},
	year={2018}
}
@article{bala2007assimilation,
	title={Assimilation of interorganizational business process standards},
	author={Bala, Hillol and Venkatesh, Viswanath},
	journal={Information systems research},
	volume={18},
	number={3},
	pages={340--362},
	year={2007},
	publisher={INFORMS}
}
@article{polthierseeing,
	title={Seeing the Good in the Bad--Leveraging Customer Complaints for New Product Development},
	author={Polthier, Andreas and von Janda, Sergej and Kuester, Sabine}
}
@article{yu2020organizational,
	title={Organizational search and business model innovation: the moderating role of knowledge inertia},
	author={Yu, Bo and Hao, Shengbin and Wang, Yu},
	journal={Journal of Knowledge Management},
	year={2020},
	publisher={Emerald Publishing Limited}
}
@article{popli2020value,
	title={Value Constraining or Value Enabling? The Impact of Business Group Affiliation on Post-Acquisition Performance by Emerging Market Firms},
	author={Popli, Manish and Ladkani, Radha Mukesh},
	journal={Management and Organization Review},
	volume={16},
	number={2},
	pages={261--291},
	year={2020},
	publisher={Cambridge University Press}
}
@article{yi2017bottom,
	title={Bottom-up learning, strategic flexibility and strategic change},
	author={Yi, Yaqun and Gu, Meng and Wei, Zelong},
	journal={Journal of Organizational Change Management},
	year={2017},
	publisher={Emerald Publishing Limited}
}
@article{hao2019big,
	title={Big data, big data analytics capability, and sustainable innovation performance},
	author={Hao, Shengbin and Zhang, Haili and Song, Michael},
	journal={Sustainability},
	volume={11},
	number={24},
	pages={7145},
	year={2019},
	publisher={Multidisciplinary Digital Publishing Institute}
}
@article{bruggeman1997formalizing,
	title={Formalizing organizational inertia theory: A didactic essay},
	author={Bruggeman, JP},
	year={1997},
	publisher={vakgroep methoden en technieken}
}
@article{jung2009environmental,
	title={Environmental Turbulence and Organizational Change: Niche Expansion and Organizational Growth in the Population of Hospitals in Korea, 1980-2008},
	author={Jung, Dong-Il},
	journal={Korean Journal of Sociology},
	volume={43},
	number={6},
	pages={73--99},
	year={2009}
}
@article{gligor2021theorizing,
	title={Theorizing the dark side of business-to-business relationships in the era of AI, big data, and blockchain},
	author={Gligor, David M and Pillai, Kishore Gopalakrishna and Golgeci, Ismail},
	journal={Journal of Business Research},
	volume={133},
	pages={79--88},
	year={2021},
	publisher={Elsevier}
}
@inproceedings{baum1990inertial,
	title={INERTIAL AND ADAPTIVE PATTERNS IN ORGANIZATIONAL CHANGE.},
	author={Baum, Joel AC},
	booktitle={Academy of Management Proceedings},
	volume={1990},
	number={1},
	pages={165--169},
	year={1990},
	organization={Academy of Management Briarcliff Manor, NY 10510}
}
@article{hughes1998perspectives,
	title={Perspectives on policing: a synopsis of recent research},
	author={Hughes, Thomas},
	journal={Policing (Bradford)},
	volume={21},
	number={2},
	pages={368},
	year={1998},
	publisher={Emerald Group Publishing Ltd.}
}
@article{ng1996micro,
	title={Micro-economic evolution of the firm: an organizational ecology perspective},
	author={Ng, Desmond},
	year={1996}
}
@article{cortez2015innovation,
	title={Innovation and financial performance of electronics companies: a cross-country comparison},
	author={Cortez, Michael Angelo A and Ikram, Mohamed Ihthisham Mohamed and Nguyen, Thanh Trung and Pravini, Wickramanayake Pathirannalage},
	journal={Journal of International Business Research},
	volume={14},
	number={1},
	pages={166},
	year={2015},
	publisher={Jordan Whitney Enterprises, Inc}
}
